@misc{racketwebsite,
    author    = "PLT Inc",
    title     = "Racket -- A programmable programming language",
    url       = "https://racket-lang.org/"
}


@misc{simplyscheme,
    author    = "Brian Harvey and Matt Wright",
    title     = "Simply Scheme: Introducing Computer Science",
    url       = "https://racket-lang.org/"
}

@misc{projecteuler,
    author    = "Project Euler",
    title     = "Project Euler",
    url       = "https://projecteuler.net/"
}